@BOOK{Book:ROUBAL-HUSEK-spol_ZRT,
  AUTHOR =       "\textsc{Roubal,~J.} and \textsc{Hušek,~P.} and \textsc{spol.}",
  TITLE =        "Základy regulaèní techniky v~pøíkladech",
  PUBLISHER =    "Pracovní verze",
  YEAR =         "200x",
  note =         "$\langle$http://support.dce.felk.cvut.cz/pub/roubalj/$\rangle$"
}

@UNPUBLISHED{WWW_ROUBAL,
  AUTHOR =       "\textsc{Roubal,~J.}",
  TITLE =        "{Jirkovy stránky {\rm[online]}}",
  NOTE =         "[cit.~\hbox{2009-01-16}],$\hfill$ $\langle${http://support.dce.felk.cvut.cz/pub/roubalj/}$\rangle$",
  YEAR =         "2009",
}

@BOOK{Book:HAVLENA-STECHA_MTR2,
  AUTHOR =       "\textsc{Havlena,~V.} and \textsc{Štecha,~J.}",
  TITLE =        "Moderní teorie øízení",
  PUBLISHER =    "Praha\?: Vydavatelství ÈVUT",
  YEAR =         "2000",
  isbn =         "\hbox{80-01-02095-9}",
}

@BOOK{Book:ROUBAL-PEKAR-PACHNER-HAVLENA_MTRc,
  AUTHOR =       "\textsc{Roubal,~J.} and \textsc{Pekaø,~J.} and \textsc{Pachner,~D.} and \textsc{Havlena,~V.}",
  TITLE =        "Moderní teorie øízení -- Cvièení",
  PUBLISHER =    "Praha\?: Vydavatelství ÈVUT",
  YEAR =         "2005",
  isbn =         "\hbox{80-01-03208-6}",
}
