
@article{novak12vbls,
    author = {Jan Nov{\'a}k and Derek Nowrouzezahrai and Carsten Dachsbacher and Wojciech Jarosz},
    title = {Progressive Virtual Beam Lights},
    journal = {Computer Graphics Forum (Proceedings of EGSR 2012)},
    volume = {31},
    number = {4},
    year = {2012},
    month = jun,
    keywords = {photon beams, photon mapping, final gather, participating media, VPL, virtual point lights, VSL, virtual spherical lights, indirect illumination, weak singularity}
}

@article{novak12vrls,
    author = {Jan Nov{\'a}k and Derek Nowrouzezahrai and Carsten Dachsbacher and Wojciech Jarosz},
    title = {Virtual Ray Lights for Rendering Scenes with Participating Media},
    journal = {ACM Transactions on Graphics (Proceedings of ACM SIGGRAPH 2012)},
    volume = {31},
    number = {4},
    year = {2012},
    month = jul,
    keywords = {photon beams, photon mapping, final gather, participating media, VPL, virtual point lights, indirect illumination, weak singularity, unbiased}
}


@inproceedings{hachisuka12starpm,
    author = {Toshiya Hachisuka and Wojciech Jarosz and Guillaume Bouchard and Per Christensen and Jeppe Revall Frisvad and Wenzel Jakob and Henrik Wann Jensen and Michael Kaschalk and Matthias Zwicker and Andrew Selle and Ben Spencer},
    title = {State of the Art in Photon Density Estimation},
    booktitle = {ACM SIGGRAPH 2012 Courses},
    series = {SIGGRAPH '12},
    year = {2012},
    month = jul,
    pages = {6:1--6:469},
    publisher = {ACM},
    address = {New York, NY, USA},
    location = {Los Angeles, California},
    articleno = {6},
    acmid = {2343489},
    isbn = {978-1-4503-1678-1},
    url = {http://doi.acm.org/10.1145/2343483.2343489},
    doi = {10.1145/2343483.2343489},
    numpages = {469}
}

@article{jarosz11progressive,
    author = {Wojciech Jarosz and Derek Nowrouzezahrai and Robert Thomas and Peter-Pike Sloan and Matthias Zwicker},
    title = {Progressive Photon Beams},
    journal = {ACM Transactions on Graphics (Proceedings of ACM SIGGRAPH Asia 2011)},
    volume = {30},
    number = {6},
    year = {2011},
    month = dec
}

@article{jarosz11comprehensive,
    author = {Wojciech Jarosz and Derek Nowrouzezahrai and Iman Sadeghi and Henrik Wann Jensen},
    title = {A Comprehensive Theory of Volumetric Radiance Estimation Using Photon Points and Beams},
    journal = {ACM Transactions on Graphics (Presented at ACM SIGGRAPH 2011)},
    volume = {30},
    number = {1},
    year = {2011},
    month = jan,
    pages = {5:1--5:19},
    keywords = {photon beams, photon mapping, beam radiance estimate, density estimation, participating media}
}

@article{jarosz08beam,
    author = {Wojciech Jarosz and Matthias Zwicker and Henrik Wann Jensen},
    title = {The Beam Radiance Estimate for Volumetric Photon Mapping},
    journal = {Computer Graphics Forum (Proceedings of Eurographics 2008)},
    volume = {27},
    number = {2},
    year = {2008},
    month = apr,
    pages = {557--566}
}

@MISC{Keller97instantradiosity,
    author = {Alexander Keller},
    title = {Instant Radiosity},
    year = {1997}
}


@article{HasanVSL,
 author = {Ha\v{s}an, Milo\v{s} and K\v{r}iv\'{a}nek, Jaroslav and Walter, Bruce and Bala, Kavita},
 title = {Virtual spherical lights for many-light rendering of glossy scenes},
 journal = {ACM Trans. Graph.},
 issue_date = {December 2009},
 volume = {28},
 number = {5},
 month = dec,
 year = {2009},
 issn = {0730-0301},
 pages = {143:1--143:6},
 articleno = {143},
 numpages = {6},
 url = {http://doi.acm.org/10.1145/1618452.1618489},
 doi = {10.1145/1618452.1618489},
 acmid = {1618489},
 publisher = {ACM},
 address = {New York, NY, USA},
 keywords = {global illumination, glossy BRDF, many lights},
} 

@MISC{Dutre01globalillumination,
    author = {P. Dutre and P.Heckbert and V. Ma, F. Pellacini and R. Porschka, M. Ramasubramanian and C. Soler,G. Ward},
    title = {Global Illumination Compendium},
    year = {2001}
}

@PhDThesis{jarosz08thesis,
	title = "Efficient Monte Carlo Methods for Light Transport in Scattering Media",
	author = "Wojciech Jarosz",
	year = "2008",
	month = "September",
	school = "UC San Diego"
}

@inproceedings{LokDSM,
 author = {Lokovic, Tom and Veach, Eric},
 title = {Deep shadow maps},
 booktitle = {Proceedings of the 27th annual conference on Computer graphics and interactive techniques},
 series = {SIGGRAPH '00},
 year = {2000},
 isbn = {1-58113-208-5},
 pages = {385--392},
 numpages = {8},
 url = {http://dx.doi.org/10.1145/344779.344958},
 doi = {10.1145/344779.344958},
 acmid = {344958},
 publisher = {ACM Press/Addison-Wesley Publishing Co.},
 address = {New York, NY, USA},
} 
@MISC{OPENVDB,
author = {DreamWorks Animation},
title = {Opensource  format for efficient storage of sparse volumetric data.{@ONLINE}},
url = {http://www.openvdb.org/}
}

@book{PBRT,
 author = {Pharr, Matt and Humphreys, Greg},
 title = {Physically Based Rendering: From Theory to Implementation},
 year = {2004},
 isbn = {012553180X},
 publisher = {Morgan Kaufmann Publishers Inc.},
 address = {San Francisco, CA, USA},
} 

@book{chandrasekhar1960radiative,
  title={Radiative transfer},
  author={Chandrasekhar, S.},
  isbn={9780486605906},
  lccn={60003117},
  series={Dover Books on Physics Series},
  url={http://books.google.cz/books?id=CK3HDRwCT5YC},
  year={1960},
  publisher={Dover Publications, Incorporated}
}

@book{bouguer1729essai,
  title={Essai d'optique sur la gradation de la lumi{\`e}re},
  author={Bouguer, P.},
  url={http://books.google.co.uk/books?id=JNkTAAAAQAAJ},
  year={1729}
}


%==================== image sources ========================
@MISC{KRAK,
author = {Thinkbox},
title = {Thinkbox Software's production-proven Volumetric Particle Rendering{@ONLINE}},
url = {http://www.thinkboxsoftware.com/krakatoa/}
}
@MISC{LOPT,
    author = {NASA },
    title = {Laser optics},
    url = {http://gimp-savvy.com/}
}

@MISC{NVIDIA,
    author = {NVIDIA, Simon Green },
    title = {NVIDIA cuda sdk example, Smoke particle demo},
    url = {http://docs.nvidia.com/cuda/cuda-samples/}
}
@MISC{VULC,
    author = {Marco Fulle },
    title = {Instant Radiosity},
    url = {http://apod.nasa.gov/apod/ap100419.html}
}

@article{RDR10,
  author       = {Ropinski, Timo and D{\"o}ring, Christian and Rezk Salama, Christof},
  title        = {{Advanced Volume Illumination with Unconstrained Light Source Positioning}},
  journal      = {IEEE Computer Graphics and Applications},
  year         = {2010}
}

@MISC{AURO,
    author = {Image Science and Analysis Laboratory,NASA Johnson Space Center },
    title = {Aurora borealis from ISS.},
    url = {eol.jsc.nasa.gov}
}

@MISC{PETR,
    author = {Petr Nejtek, Petra Glazerova },
    title = {Crepuscular rays.},
}

@MISC{MIEPLOT,
    author = { Philip Laven },
    title = {Mie Plot software illustration image},
    url = {http://www.philiplaven.com/mieplot.htm}
}

